@techreport{CMM,
   title  = "A Customisable Memory Management Framework",
   author = "Guiseppe Attardi and Tito Flagella",
   institution = "University of Pisa"
};

@techreport{Mostly-copying,
   title = "Compacting garbage collection with ambiguous roots",
   author = "Joel F. Bartlett",
   number = "88/2",
   institution = "DEC Western Research Laboratory, Palo Alto, California",
   month = "Febrarry",
   year  = 1988
};

@techreport{Gen-mostly-copying,
   title = "Mostly-copying collection picks up generations and {C++}",
   author = "Joel F. Bartlett",
   number = "TN-12",
   institution = "DEC Western Research Laboratory, Palo Alto, California",
   month = "October",
   year  = 1989
};

@article{Boehm,
   title = "Space Efficient Conservative Garbage Collection",
   author = "Hans-Juergen Boehm",
   journal = "ACM SIGPLAN PLDI",
   year = 1993,
   pages = "197-206"
}

@techreport{Safe-C++-GC,
   title = "Safe, efficient garbage collection for {C++}",
   author = "J.R. Ellis and D.L. Detlefs",
   number = "CSL-93-4",
   institution = "Xerox Parc",
   year = 1993
};

@techreport{Edelson92,
   title = "Comparing Two Garbage Collectors for {C++}",
   author = "Daniel R. Edelson",
   number = "USCS-CRL-93-20",
   institution = "University of California at Santa Cruz",
   year = 1992
};
