%
%  Bibliographical database in BibTeX format
%
@book{alpha,
   title = "Alpha Architecture Reference Manual",
   editor = "Richard L. Sites",
   publisher = "Digital Equipment Corporation",
   year = 1992
}

@book{ms80x86,
   title = "Microsoft's 80386/80486 Programming Guide",
   author = "Ross P. Nelson",
   publisher = "Microsoft Press",
   year = 1991
}

@book{comp-logic,
   title = "Logic --- A Foundation for Computer Science",
   author = "V. Sperschneider and G. Antoniou",
   publisher = "Addison-Wesley",
   year = 1991
}

@book{hol,
   title = "Introduction to {HOL}.  A theorem proving environment for higher order logic",
   author = "{M. J. C. Gordon} and {T. F. Melham}",
   publisher = "Cambridge University Press",
   year = 1993
}

@book{80386,
   title = "Programming the 80386",
   author = "John H. Crawford and Patrick P. Gelsinger",
   publisher = "SYBEX Inc.",
   year = 1987
}

@book{Toposes,
   title = "Toposes, Triples and Theories",
   author = "M. Barr and C. Wells",
   publisher = "Springer-Verlag",
   year = 1985
}

@book{NP,
   title = "Computers and Intractability.  A Guide to the Theory of NP-Completeness",
   author = "Michael R. Garey and David S. Johnson",
   publisher = "W. H. Freeman and Company",
   year = 1979
}

@book{mit-ai,
   title = "Artificial Intelligence: An {MIT} Perspective",
   editor = "Patrick Henery Winston and Richard Henry Brown",
   publisher = "MIT Press",
   year = 1979
}

@book{theory-trends,
   title = "Trends in Theoretical Computer Science",
   editor = "{Egon B\"{o}rger}",
   publisher = "Computer Science Press",
   year = 1988
}

@book{theory-rogers,
   title = "Theory of Recursive Functions and Effective Computability",
   author = "Hartley Rogers, Jr.",
   publisher = "MIT Press",
   year = 1987
}

@book{lambda,
   title = "The Lambda Calculus.   Its Syntax and Semantics",
   author = "H. P. Barendregt",
   publisher = "Elsevier Sciend Publishing Company, Inc.",
   year = 1984
}

@book{comp-geometry,
   title = "Computational Geometry.  An Introduction",
   author = "Franco P. Preparata and Michael Ian Shamos",
   publisher = "Springer-Verlag",
   year = 1985
}

@book{abs-algebra,
   title = "Abstract Algebra",
   author = "David S. Dummit and Richard M. Foote",
   publisher = "Prentice Hall",
   year = 1991
}

@book{common-lisp,
   title = "Common Lisp.  The Language",
   author = "Guy L. Steele Jr.",
   publisher = "Digital Press",
   year = 1990
}

@manual{osf-api,
   title = "Operating System Programming Interfaces Volume",
   institution = "Open Software Foundation",
   publisher = "Prentice Hall",  
   key = "OSF-API",
   year = 1990
}

@book{proofs-types,
   title = "Proofs and Types",
   author = "Jean-Yves Girard and Yves Lafont and Paul Taylor",
   publisher = "Cambridge University Press",
   year = 1989
}

@book{n-logic,
   title = "Many-sorted Logic and its Applications",
   editor = "K. Meinke and J. V. Tucker",
   publisher = "John Wiley \& Sons",
   year = 1993
}

@book{logic-frameworks,
   title = "Logical Frameworks",
   editor = "G\'{e}rard Huet and G. Plotkin",
   publisher = "Cambridge University Press",
   year = 1991
}

@book{set-theory,
   title = "Elements of Set Theory",
   author = "Herbert B. Enderton",
   publisher = "Academic Press, Inc.",
   year = 1977
}

@proceedings{FPCA-1991,
   title = "Functional Programming Languages and Computer Architecture",
   editor = "J. Hughes",
   publisher = "Springer-Verlag",
   year = 1991
}

@book{clisp,
   title = "Common {LISP}craft",
   author = "Robert Wilensky",
   publisher = "W. W. Norton \& Company",
   year = 1986
}

@book{complexity-II,
   title = "Structural Complexity II",
   author = "Jos\'{e} Luis Balc\'{a}zar and Josep D\'{i}az and Joaquim Gabarr\'{o}",
   publisher = "Springer-Verlag",
   year = 1990
}

@book{modula-2,
   title = "Programming In {MODULA}-2",
   author = "Niklaus Wirth",
   publisher = "Springer-Verlag",
   year = 1985
}

@book{expert-sys,
   title = "Building Expert Systems",
   editor = "Frederick Hayes-Roth and Donald A. Waterman and Douglas B. Lenat",
   publisher = "Addison-Welsey",
   year = 1983
}

@book{ML-prog,
   title = "Functional Programming Using Standard {ML}",
   author = "{\o{A}ke Wikstr\"{o}m}",
   publisher = "Prentice Hall",
   year = 1987
}

@book{functional-prog,
   title = "Funtional Programming.  Application and Implementation",
   author = "Peter Henderson",
   publisher = "Prentice Hall",
   year = 1980
}

@book{theory-computability,
   title = "The Theory of Computability",
   author = "R. Sommerhalder and S. C. van Westrhenen",
   publisher = "Addison-Welsey",
   year = 1988
}

@book{deductive-foundation,
   title = "The Deductive Foundation of Computer Programming",
   author = "Zohar Manna and Richard Waldinger",
   publisher = "Addison-Welsey",
   year = 1993
}

@book{category-types,
   title = "Categories, Types, and Structures",
   author = "Andrea Asperti and Guiseppe Longo",
   publisher = "MIT Press",
   year = 1991
}

@book{C++,
   title = "The C++ Programming Language.  Second Edition",
   author =  "Bjarne Stroustrup",
   publisher = "Addison-Welsey",
   year = 1991
}

@book{partial-eval,
   title = "Partial Evaluation and Automatic Program Generation",
   author = "Neil D. Jones and Carsten K. Gomard and Peter Sestoft",
   publisher = "Prentical Hall",
   year = 1993
}

@book{lang-theory,
   title = "An Introduction to Formal Language Theory",
   author = "Robert N. Moll and Michael A. Arbib and A. J. Kfoury",
   publisher = "Springer-Verlag",
   year = 1988
}

@book{category-theory,
   title = "Category Theory for Computing Science",
   author = "Michael Barr and Charles Wells", 
   publisher = "Prentice Hall",
   year = 1990
}

@book{TGR,
   title = "Term Graph Rewriting.  Theory and Practice",
   editor = "M. R. Sleep and M. J. Plasmeijer and M. C. J. D. van Eekelen",
   publisher = "John Wiley \& Sons",
   year = 1993
}

@book{db-sys,
   title = "Principles of Database Systems",
   author = "Jeffrey D. Ullman",
   publisher = "Computer Science Press",
   year = 1982
}

@proceedings{spec-db,
   title = "Specifications of Database Systems",
   editor = "David J. Harper and Moira C. Norrie.  Glasgow 1991",
   publisher = "Springer-Verlag",
   year = 1991
}

@book{mach,
   title = "Programming under {MACH}",
   author = "Joseph Boykin and David Kirschen and Alan Langerman and Susan LoVerso",
   publisher = "Addison-Welsey",
   year = 1993
}

@book{data-models,
   title = "Data Models, Database Languages and Database Management Systems",
   author = "Gottfried Vossen",
   publisher = "Addison-Welsey",
   year = 1991
}

@book{prog-transformation,
   title = "Specification and Transformation of Programs.  A Formal Approach to Software Development",
   author = "Helmut A. Partsch",
   publisher = "Springer-Verlag",
   year = 1990
}

@book{types-fun,
   title = "Type Theory and Functional Programming",
   author = "Simon Thompson",
   publisher = "Addison-Welsey",
   year = 1991
}
  
@book{LCF,
   title = "Logic and Computation.  Interactive proof with Cambridge {LCF}",
   author = "L. C. Paulson",
   publisher = "Cambridge University Press",
   year = 1987
}

@book{sybase,
   title = "A Guide to Sybase and SQL Server",
   author = "D. McGoveran and C. J. Date",
   publisher = "Addison-Welsey",
   year = 1992
}

@book{db-intro,
   title = "An Introduction to Database Systems",
   author = "Bipin C. Desai",
   publisher = "West Publishing Company",
   year = 1990
}

@book{concurrency,
   title = "Concurrency Control and Recovery in Database Systems",
   author = "Philip A. Bernstein and Vassos Hadzilacos and Nathan Goodman",
   publisher = "Addison-Wesley",
   year = 1987
} 

@book{internet,
   title = "The Whole Internet.  User's Guide \& Catalog",
   author = "Ed Krol",
   publisher = "O'Reilly \& Associates, Inc.",
   year = 1992
}

@manual{ps-ref,
   title = "{PostScript} Langauge Reference Manual",
   institution = "Adobe Systems Incorporated",
   publisher = "Addison-Wesley",
   year = 1990
}

@book{db-readings,
   title = "Readings in Database Systems",
   editor = "Michael Stonebraker",
   publisher = "Morgan Kaufman",
   year = 1988
}

@book{SGML,
   title = "{SGML}  An Author's Guide to the {Standard Generalized Markup Language}",
   author = "Martin Bryan",
   publisher = "Addison-Wesley",
   year = 1988
}

@book{temporal-db,
   title = "Temporal Databases.  Theory, Design, and Implementation",
   author = "Adbullah Uz Tansel and James Clifford and Shashi Gadia and Sushil Jajodia and Arie Segev and Richard Snodgrass",
   publisher = "The Benjamin/Cummings Publishing Company, Inc.",
   year = 1993
}

@book{algo-algebra,
   title = "Algorithmic Algebra",
   author = "Bhubaneswar Mishra",
   publisher = "Springer-Verlag",
   year = 1993
}

@book{rpc,
   title = "Power Programming with {RPC}",
   author = "John Bloomer",
   publisher = "O'Reilly \& Associates, Inc.",
   year = 1991
}

@book{readings-odms,
   title = "Readings in Object-Oriented Database Systems",
   editor = "Stanle B. Zdonik and David Maier",
   publisher = "Morgan Kaufman",
   year = 1990
}

@book{comp-algo,
   title = "The Design and Analysis of Computer Algorithms",
   author = "Alfred V. Aho and  John E. Hopcroft and Jeffrey D. Ullman",
   publisher = "Addison-Wesley",
   year = 1974
}

@manual{ps-cookbook,
   title = "{PostScript} Language.  Tutorial and Cookbook",
   institution = "Adobe Systems Incorporated",
   publisher = "Addison-Wesley",
   year = 1986
}

@book{semantics-app,
    title = "Semantics with Applications.  A Formal Introduction",
    author = "Hanne Riis Nielson and Flemming Nielson",
    publisher = "John Wiley \& Sons",
    year = 1992
}

@book{dbkb,
   title = "Database and Knowledge-base Systems.  Volume I and II.",
   author = "Jeffrey D. Ullman", 
   publisher = "Computer Science Press",
   year = 1989
}

@proceedings{oopsla-91,
   title = "Conference on Object-Oriented Programming Systems, Languages, and Applications",
   institution = "ACM",
   publisher = "ACM Press",
   year = 1991
}

@proceedings{dbpl,
   title = "Database Programming Languages: Bulk Types \& Persistent Data",
   editor = "Paris Kanellakis and Joachim W. Schmidt",
   publisher = "Morgan Kaufman",
   year = 1991
}

@book{unix-prog,
   title = "Advanced Unix Programming",
   author = "Marc J. Rochkind",
   publisher = "Prentice Hall",
   year = 1985
}

@book{smalltalk-advice,
   title = "Smalltalk-80.  Bits of History, Words of Advice",
   editor = "Glenn Krasner",
   institution = "Xerox Palo Alto Research Center",
   publisher = "Addison-Wesley",
   year = 1983
}

@book{eiffel,
   title = "Object-oriented Software Construction",
   author = "Bertrand Meyer",
   publisher = "Prentice Hall",
   year = 1988
}

@proceedings{HOPL-II,
   title = "History of Programming Language Conference",
   organization = "ACM",
   publisher = "ACM Press",
   year = 1993
}

@journal{JACM-93-5,
   title = "Jornal of the ACM",
   publisher = "ACM Press",
   year = 1993,
   volume = 5
}

@proceedings{PADD-91,
    title = "Proceedings of the ACM/ONR Workshop of Parallel and Distributed Debugging",
    publisher = "ACM Press",
    year = 1991
}

@proceedings{PEPM-91,
   title = "Proceedings of the Symposium on Partial Evaluation and Semantics-Based Programming Manipulation",
   publisher = "ACM Press",
   year = 1991
}

@book{smalltalk-80,
   title = "Smalltalk-80.  The Language and Its Implementation",
   author = "Adele Goldberg and David Robson",
   institution = "Xerox Palo Alto Research Center",
   publisher = "Addison-Wesley", 
   year = 1983
}

@book{axiom-set,
   title = "Axiomatic Set Theory",
   author = "Paul Bernays",
   publisher = "Dover Publications, Inc.",
   year = 1968
}


@book{sql2-standard,
   title = "A Guide to the {SQL} Standard", 
   author = "C. J. Date and Hugh Darwen",
   publisher = "Addison-Wesley",
   year = 1993
}

@book{query-processing,
   title = "Query Processing for Advanced Database Systems",
   editor = "Johann Christoph Freytag and David Maier and Gottfried Vossen",
   publisher = "Morgan Kaufmann",
   year = 1994
}
@book{LaTeX,
   author = "Leslie Lamport",
   title  = "{\LaTeX \rm:} {A} Document Preparation System",
   publisher = "Addison-Wesley",
   year = 1986
}

@book{LD-1991,
   author = "Harry R. Lewis and Larry Deneberg",
   title  = "Data Structures And Their Algorithms",
   publisher = "Harper-Collins",
   year = 1991
}

@book{Stevens-1990,
   author = "W. Richard Stevens",
   title  = "UNIX Network Programming",
   publisher = "Prentice Hall",
   year = 1990
}

@book{Buchi-1989,
   author = "J. Richard Buchi",
   title = "Finite Automata, Their Algebras and Grammars",
   publisher = "Springer-Verlag",
   year = 1989
}

@book{Plauger-1992,
   author = "P. J. Plauger",
   title = "The Standard C Library",
   publisher = "Prentice-Hall",
   year = 1992
}

@book{Rogers-1967,
   author = "H. {Rogers Jr.}",
   title  = "Theory of Recursive Functions and Effective Computability",
   publisher = "McGraw-Hill",
   year = 1967
}

@book{Plauger-1992,
   author = "P.J. Plauger",
   title  = "The Standard C Library",
   publisher = "Prentice Hall",
   year = 1992
}

@book{FL-1988,
   author = "Charles N. Fischer and Richard J. {LeBlanc Jr.}",
   title = "Crafting A Compiler",
   publisher = "Benjamin/Cummings Publishing Co. Inc",
   year = 1988
}

@book{Dragon-book,
   author = "Alfred V. Aho and Ravi Sethi and Jeffrey D. Ullman",
   title = "Compilers: Principles, Techniques and Tools",
   publisher = "Addison-Wesley",
   year = 1986
}

@book{Literate-Programming,
   author = "Donald Knuth",
   title = "Literate Programming",
   publisher = "Center For The Study Of Language and Information",
   year = 1992
}

@book{Z-intro,
   author = "Ben Potter, Jane Sinclair and David Till",
   title = "An Introduction to Formal Specification and Z",
   publisher = "Prentice Hall",
   year = 1991
}

@book{Z-ref,
   author = "J.M. Spivey",
   title = "The Z Notation, A Reference Manual",
   publisher = "Prentice Hall",
   year = 1989
}

@book{Logic-intro,
   author = "Elliott Mendelson",
   title = "Introduction to Mathematical Logic",
   publisher = "Wadsworth Advanced books \& Software",
   year = 1979
}

@book{Alg-semantics,
   author = "Ernest G. Manes and Michael A. Arbib",
   title = "Algebraic Approaches to Program Semantics",
   publisher = "Springer-Verlag",
   year = 1986
}

@book{Process-algebra,
   author = "J.C.M. Baeten and W.P. Weijland",
   title = "Process Algebra",
   publisher = "Cambridge University Press",
   year = 1990
}

@book{CSP,
   author = "C.A.R Hoare",
   title = "Communicating sequential processes",
   publisher = "Prentice Hall International",
   year = 1985
}

@book{CCS,
   author = "Robin Milner",
   title = "A calculus of communicating systems",
   publisher = "Springer Verlag",
   year = 1980
}

@book{Concurrency-theory,
   author = "Christos Papadimitriou",
   title = "The Theory of Database Concurrency Control",
   publisher = "Computer Science Press",
   year = 1986
}

@book{Algorithms,
   author = "Gaston H. Gonnet",
   title = "Handbook of Algorithms and Data Structures",
   publisher = "Addison-Wesley",
   year = 1984
}

@book{Lazy-Func,
   author = "Simon L. Peyton Jones",
   title = "The Implementation Of Functional Programming Languages",
   publisher = "Prentice-Hall International",
   year = 1987
} 

@book{Func-Prog,
   author = "Field and Harrison",
   title = "Functional Programming",
   publisher = "Prentice-Hall",
   year = 1989
}

@book{MIPS,
   author = "Gerry Kane and Joe Heinrich",
   title = "MIPS RISC Architecture",
   publisher = "Prentice-Hall",
   year = 1992
}

@book{Continuations,
  author = "Andrew W. Appel",
  title = "Compiling with Continuations",
  publisher = "Cambridge University Press", 
  year = 1992
} 

@book{Concrete-math,
  author = "Knuth and Graham",
  title = "Concrete Mathematics",
  publisher = "???",
  year = 1990
}

@book{Comp-arch,
  author = "Hennessy",
  title = "Computer architecture: A qualitative approach",
  publisher = "???",
  year = "???"
}

@book{Denotational-semantics,
  author = "Stoy and Strachey",
  title = "Denotational semantics",
  publisher = "???",
  year = "???"
}

@book{Relational-theory,
  author = "Atzeni and De Antonellis",
  title = "Relational Database Theory",
  publisher = "The Benjammin/Cummings publishing company, Inc.",
  year = 1993
}

@book{Database,
  author = "Jeffrey D. Ullman",
  title = "Principles of Database Systems",
  publisher = "Computer Science Press",
  year = 1982
}

@book{SML-def,
   author = "Robin Miller, Mads Tofte and Robert Harper",
   title = "The Definition of Standard {ML}",
   publisher = "The MIT Press",
   year = 1990
}

@techreport{SML,
   author = "Robert Harper and David MacQueen and Robin Milner",
   title = "Standard {ML}",
   institution = "Laboratory for Foundations of Computer Science, Computer Science Department, Edinburgh University",
   year =  1986,
   type = "Report",
   number = "ECS-LFCS-86-2"
}

@manual{Enscribe,
   title = "Enscribe Programmer's Guide",
   organization = "Tandem Computers Inc.",
   publisher = "Tandem Computers Inc.",
   year = 1991
}

@manual{NSSQL,
   title = "NonStop SQL Reference Manual",
   organization = "Tandem Computers Inc.",
   publisher = "Tandem Computers Inc.",
   year = 1991
}

@manual{NSSQL-C,
   title = "NonStop SQL Programming Reference Manual for C",
   organization = "Tandem Computers Inc.",
   publisher = "Tandem Computers Inc.",
   year = 1991
}

@manual{proc-calls,
   title = "System Procedure Calls Reference Manual, volume 1 and 2",
   organization = "Tandem Computers Inc.",
   publisher = "Tandem Computers Inc.",
   year = 1991
}

@manual{DDL,
   title = "Data Definition Language Reference Manual",
   organization = "Tandem Computers Inc.",
   publisher = "Tandem Computers Inc.",
   year = 1991
}

@manual{Tandem-TCPIP,
   title = "Tandem TCP/IP Programming Manual",
   organization = "Tandem Computers Inc.",
   publisher = "Tandem Computers Inc.",
   year = 1990
}

@techreport{twig,
   title = "Twig Reference Manual",
   author = "S. W. K. Tjiang",
   institution = "AT\&T Bell Laboratories",
   year =  1986
}
 
@book{GraphBase,
  author = "Donald E. Knuth",
  title = "The {Standford GraphBase}, a Platform for Combinatorial Computing",
  publisher = "Addison-Welsey",
  year = 1993
}

@book{Perl,
   title = "The Perl Programming Language",
   author = "Larry Wall",
   publisher = "O'Reilly \& Associates, Inc.",
   year = 1991
}
@article{twoway,
   author="Maxime Crochemore and Dominique Perrin",
   title="Two-Way String-Matching",
   journal="Journal of the Association for Computing Machinary",
   year=1991,
   month=July,
   volume=38,
   number=3,
   publisher="ACM Press"
}

@article{subseq,
   author="Wilfred J. Hansen",
   title="Subsequence References: First-Class Values for Substrings",
   journal="ACM Transaction on Programming Languages and Systems",
   year=1992,
   month=oct,
   pages="471-489",
   volume=14,
   number=4,
   publisher="ACM Press"
}

@article{inc-lex,
   author="J. Heering, P. Klint and J. Rekers",
   title="Incremental Generation of Lexical Scanners",
   journal="ACM Transaction on Programming Languages and Systems",
   year=1992,
   month=oct,
   pages="490-520",
   volume=14,
   number=4,
   publisher="ACM Press"
}

@article{bool-diag,
   author="Randal E. Bryant",
   title="Symbolic Boolean Manipulation with Ordered Binary-Decision Diagrams",
   journal="ACM Computing Surveys",
   year=1992,
   month=September,
   pages="293-318",
   volume=24,
   number=3,
   publisher="ACM Press"
}
  
@book{text-compress,
   author="Timothy C. Bell and John G. Cleary and Ian H. Witten",
   title="Text Compression",
   year=1990,
   publisher="Prentice Hall"
}
 
@article{RSA,
   author = "R. L. Rivest and A. Shamir and L. Adleman",
   title = "A method for obtaining digital signatures and public key
            crytosystems.", 
   journal = "Communication of the ACM.",
   publisher = "ACM Press",
   year = 1978,
   volume = 21,
   number = 2
} 

@book{number-theory,
   author = "Hua Loo Keng",
   title = "Introduction to Number Theory",
   year = 1982,
   publisher = "Springer-Verlag"
}

@article{random-algorithms,
   author = "Rajiv Gupta and Scott A. Smolka and Shaji Bhaskar",
   title = "On Randomization in Sequential and Distributed Algorithm",
   journal = "ACM Computing Surveys",
   year = 1994,
   month = March,
   volume = 26,
   number = 1,
   publisher = "ACM Press"
}

@article{tree-matching,
   author = "Christoph H. Hoffmann and Michael J. O'Donnell",
   title = "Pattern Matching in Trees",
   journal = "Journal of the ACM",
   year = 1982,
   month = January,
   volume = 29,
   number = 1,
   pages = "68-95",
   publisher = "ACM Press"
}

@article{codegen-with-trees,
   author = "Alfred V. Aho and Mahadevan Ganapathi and Steven W. K. Tjiang",
   title = "Code Generation Using Tree Matching and Dynamic Programming",
   journal = "ACM Transactions on Programming Languages and Systems",
   year = 1989,
   month = oct,
   volume = 11,
   number = 4,
   pages = "491-516",
   publisher = "ACM Press"
}

@article{AC,
   author = "Alfred V. Aho and Margaret J. Corasick",
   title = "Efficient String Matching: An Aid to Bibliographic Search",
   journal = "Communication of the ACM",
   year = 1975,
   month = June,
   volume = 18,
   number = 6,
   publisher = "ACM Press",
}

@article{KMP,
   author = "Donald E. Knuth and James H. Morris, Jr. and Vaughan R. Pratt",
   title = "Fast Pattern Matching in Strings",
   journal = "SIAM Journal on Computing",
   year = 1977,
   month = June,
   volume = 6,
   number = 2,
   publisher = "Society for Industrial and Applied Mathematics"
}

@article{BM,
   author = "Robert S. Boyer and J. Strother Moore",
   title = "A Fast String Searching Algorithm",
   journal = "Communications of the ACM",
   year = 1977,
   month = oct,
   volume = 20,
   number = 10,
   publisher = "ACM Press" 
}

@article{Chase87,
   author = "David R. Chase",
   title = "An Imporvement to Bottom-up Tree Pattern Matching",
   journal = "Proceedings Fourteenth Annual ACM Symposium on Principles 
              of Programming Languages",
   year = 1987,
   pages = "168-177",
   publisher = "ACM Press"
}

@article{Lippe,
   author = "Ernst Lippe",
   title = "Generating Tables for Bottom-up Matching",
   journal = "Proceedings Rewriting Techniques and Applications LNCS",
   year = 1991,
   pages = "274-288",
   publisher = "Springer-Verlag"
}

@book{comp-vlsi,
   author = "Jeffrey D. Ullman",
   title = "Computational Aspects of VLSI",
   year = 1984,
   publisher = "Computer Science Press"
}

@techreport{CMM,
   title  = "A Customisable Memory Management Framework",
   author = "Guiseppe Attardi and Tito Flagella",
   institution = "University of Pisa"
};

@techreport{Mostly-copying,
   title = "Compacting garbage collection with ambiguous roots",
   author = "Joel F. Bartlett",
   number = "88/2",
   institution = "DEC Western Research Laboratory, Palo Alto, California",
   month = "Febrarry",
   year  = 1988
};

@techreport{Gen-mostly-copying,
   title = "Mostly-copying collection picks up generations and {C++}",
   author = "Joel F. Bartlett",
   number = "TN-12",
   institution = "DEC Western Research Laboratory, Palo Alto, California",
   month = oct,
   year  = 1989
};

@article{Boehm,
   title = "Space Efficient Conservative Garbage Collection",
   author = "Hans-Juergen Boehm",
   journal = "ACM SIGPLAN PLDI",
   year = 1993,
   pages = "197-206"
}

@techreport{Safe-C++-GC,
   title = "Safe, efficient garbage collection for {C++}",
   author = "J.R. Ellis and D.L. Detlefs",
   number = "CSL-93-4",
   institution = "Xerox Parc",
   year = 1993
};

@techreport{Edelson92,
   title = "Comparing Two Garbage Collectors for {C++}",
   author = "Daniel R. Edelson",
   number = "USCS-CRL-93-20",
   institution = "University of California at Santa Cruz",
   year = 1992
};

@article{Chase87,
   author = "David R. Chase",
   title = "An Improvement to Bottom-up Tree Pattern Matching",
   journal = "Proceedings Fourteenth Annual ACM Symposium on Principles
              of Programming Languages",
   year = 1987,
   pages = "168-177",
   publisher = "ACM Press"
}
 
@article{Lippe,
   author = "Ernst Lippe",
   title = "Generating Tables for Bottom-up Matching",
   journal = "Proceedings Rewriting Techniques and Applications LNCS",
   year = 1991,
   pages = "274-288",
   publisher = "Springer-Verlag"
}
 


@techreport{vcg,
   title="Graph Layout through the {VCG} Tool",
   author="Georg Sander",
   number="A03/94",
   institution={Universit\"{a}t des Saarlandes},
   year = 1994,
   month=oct
}

@manual{vcg-manual,
   title="{VCG}: Visualization of Compiler Graphs (v.1.30)",
   author="Georg Sander",
   institution={Universit\"{a}t des Saarlandes},
   year=1995
}

@techreport{flex,
  author = "V. Paxson",
  title = "Using flex --- A Fast Lexical Analyzer",
  institution = "The Regents of the University of California",
  year = 1990,
  month = "May"
}
 
@techreport{PCCTS,
  author = "T. Parr and H. Dietz and W. Cohen",
  title = "{PCCTS} Reference Manual",
  number = "TR-EE 90-14",
  year = 1991,
  month = "August",
  institution = "Puerdue University, West Lafayette, Indiana"
}

@book{Object-Patterns,
   author = "Erich Gamma and Richard Helm and Ralph Johnson and John Vlissides",
   title = "Design Patterns: Elements of Reusable Object-Oriented Software",
   year = 1995,
   publisher = "Addison-Wesley"
}
 
@techreport{lex,
  author="M. E. Lesk",
  title = "{LEX}: a lexical analyzer generator",
  institution = "AT\&T Bell Laboratories, Murray Hill, N.J.",
  year = 1975,
  number = "39"
}

@article{tree-matching,
   author = "Christoph H. Hoffmann and Michael J. O'Donnell",
   title = "Pattern Matching in Trees",
   journal = "Journal of the ACM",
   year = 1982,
   month = "January",
   volume = 29,
   number = 1,
   pages = "68-95",
   publisher = "ACM Press"
}
 
@article{AC,
   author = "Alfred V. Aho and Margaret J. Corasick",
   title = "Efficient String Matching: An Aid to Bibliographic Search",
   journal = "Communication of the ACM",
   year = 1975,
   month = June,
   volume = 18,
   number = 6,
   publisher = "ACM Press",
}
 
@article{inc-lex,
   author="J. Heering, P. Klint and J. Rekers",
   title="Incremental Generation of Lexical Scanners",
   journal="ACM Transaction on Programming Languages and Systems",
   year=1992,
   month=oct,
   pages="490-520",
   volume=14,
   number=4,
   publisher="ACM Press"
}
 
@article{bool-diag,
   author="Randal E. Bryant",
   title="Symbolic Boolean Manipulation with Ordered Binary-Decision Diagrams",
   journal="ACM Computing Surveys",
   year=1992,
   month=September,
   pages="293-318",
   volume=24,
   number=3,
   publisher="ACM Press"
}
 
@book{Perl,
   title = "The Perl Programming Language",
   author = "Larry Wall",
   publisher = "O'Reilly \& Associates, Inc.",
   year = 1991
}
@techreport{twig,
   title = "Twig Reference Manual",
   author = "S. W. K. Tjiang",
   institution = "AT\&T Bell Laboratories",
   year =  1986
}
 
@book{SETL,
  title="Programming with Sets: An Introduction to {SETL}",
  author="J. Schwartz and R. Dewar and D. Dubinsky and E. Schonberg",
  publisher="Springer-Verlag",
  year=1986
}

@article{real-time-SETL,
  title="Real-time Simulation of a Set Machine on a {RAM}",
  author="R. Paige",
  journal="In N. Janicki and W. Koczkodaj, editor, 
     Computing and Information",
  volume="II",
  pages="69--73",
  publisher="Canadian Scholars' Press, Toronto",
  month=may,
  year=1989
}

@article{subtype-SETL,
  title="Type transofrmation and data structure choice",
  author="J. Cai and P. Facon and F. Henglein and R. Paige and E. Schonberg",
  journal="In B. Moeller, editor, Constructing Programs From Specifications",
  pages="126--164",
  publisher="North-Holland, Amsterdam",
  year=1991
}

@article{LRCS,
  title="The Formal Reconstruction and Speedup
  of the Linear Time Fragment of Willard's Relational Calculus Subset",
  author="Deepak Goyal and Bob Paige",  
  journal="IFIP TC2 Working Conf. Algorithmic Languages and Calculi", 
  month=feb,
  year=1997
}
